%
@article{Backens,
	title={Completeness and the ZX-calculus},
	author={M.~Backens},
	url={Available as \href{https://arxiv.org/abs/1602.08954}{arXiv:1602.08954}},
	year={2016}
}
%
@article{Cicala_SpansCospons,
	title={Spans of cospans},
	author={D.~Cicala},
	url={Available as \href{https://arxiv.org/abs/1611.07886}{arXiv:1611.07886}}
	year={2016}
}
%
@article{CicalaCourser_BicatsSpansCospans,
	title={Bicategories of spans and cospans},
	author={D.~Cicala and K.~Courser},
	note={In preparation}
}
%
@article{CoeckeDuncan_QuantumObs,
	author={B.~ Coecke and R.~ Duncan},
	title={Interacting quantum observables: categorical algebra and diagrammatics},
	journal={New Journal of Physics},
	volume={13},
	number={4},
	pages={043016},
	url={http://stacks.iop.org/1367-2630/13/i=4/a=043016},
	year={2011},
}
%
 In Handbook of Graph Grammars, pp. 163-246. (February 1997).
@techreport{Corr_AlgAppGraphTrans,
	author = {A.~Corradini and U.~Montanari and F.~Rossi and H.~Ehrig and R.~Heckel and M.~Loewe},
	title = {Algebraic Approaches to Graph Transformation, Part I: Basic Concepts and Double Pushout Approach},
	year = {1996},
	source = {http://www.ncstrl.org:8900/ncstrl/servlet/search?formname=detail\&id=oai%3Ancstrlh%3Aunipi_it%3Ancstrl.unipi_it%2F%2FTR-96-17},
	publisher = {University of Pisa},
} 
%
@article{Dixon_OpenGraphs,
	title={Open graphs and computational reasoning},
	author={L.~Dixon and R.~Duncan and A.~Kissinger},
	url={Available as \href{https://arxiv.org/abs/1007.3794}{arXiv:1007.3794}}
	year={2010}
}
%
@article{Fong_AlgOpenSystems,
	title={The Algebra of Open and Interconnected Systems},
	author={B.~Fong},
	url={Available as \href{https://arxiv.org/abs/arXiv:1609.05382}{arXiv:1609.05382}}
	year={2016}
}
%
@book{MaclaneMoerdijk,
	title={Sheaves in geometry and logic: A first introduction to topos theory},
	author={S.~MacLane and I.~Moerdijk},
	year={2012},
	publisher={Springer Science \& Business Media}
}
%
@article{Pollard_OpenMarkov,
	author = {B.~Pollard},
	title = {Open Markov Processes: A Compositional Perspective on Non-Equilibrium Steady States in Biology},
	journal = {Entropy},
	volume = {18},
	year = {2016},
	number = {4},
	article number = {140},
	url = {http://www.mdpi.com/1099-4300/18/4/140},
	issn = {1099-4300},
	doi = {10.3390/e18040140}
}
%
@Inbook{Selinger,
	author={P.~Selinger},
	editor={Coecke, Bob},
	title={A Survey of Graphical Languages for Monoidal Categories},
	bookTitle={New Structures for Physics},
	year={2011},
	publisher={Springer Berlin Heidelberg},
	pages={289--355},
	isbn={978-3-642-12821-9},
	doi={10.1007/978-3-642-12821-9_4},
	url={http://dx.doi.org/10.1007/978-3-642-12821-9_4}
}
%
@article{Shulman,
	title={Constructing symmetric monoidal bicategories},
	author={M.~Shulman},
	url={Available as \href{http://arxiv.org/abs/1004.0993}{arXiv:1004.0993}},
	year={2010}
}
%